@misc{nlab:fundamental_theorem_of_riemannian_geometry,
  author = {{nLab authors}},
  title = {fundamental theorem of {{R}}iemannian geometry},
  howpublished = {\url{http://ncatlab.org/nlab/show/fundamental%20theorem%20of%20Riemannian%20geometry}},
  note = {\href{http://ncatlab.org/nlab/revision/fundamental%20theorem%20of%20Riemannian%20geometry/2}{Revision 2}},
  month = apr,
  year = 2019
}
@article{einstein1916foundation,
  title={The foundation of the general theory of relativity},
  author={Einstein, Albert and others},
  journal={Annalen der Physik},
  volume={49},
  number={7},
  pages={769--822},
  year={1916}
}
@article{hehl1976general,
  title={General relativity with spin and torsion: Foundations and prospects},
  author={Hehl, Friedrich W and Von der Heyde, Paul and Kerlick, G David and Nester, James M},
  journal={Reviews of Modern Physics},
  volume={48},
  number={3},
  pages={393},
  year={1976},
  publisher={APS}
}